

@book{misner1973,
	Author = {Misner, Charles W. and Thorne, Kip S. and Wheeler, John Archibald},
	Date-Added = {2016-11-10 14:32:29 +0000},
	Date-Modified = {2016-11-10 14:32:56 +0000},
	Publisher = {W. H. Freeman and Company},
	Title = {Gravitation},
	Year = {1973}}
